<record><leader>00000cas a2200000 a 4500</leader><controlfield tag="001">17609906</controlfield><controlfield tag="008">880310d1856186ulaudn ne      0   a0eng  </controlfield><datafield ind1=" " ind2=" " tag="010"><subfield code="a">sn 88083120 </subfield></datafield><datafield ind1=" " ind2=" " tag="040"><subfield code="a">PPM</subfield><subfield code="b">eng</subfield><subfield code="c">PPM</subfield><subfield code="d">LNP</subfield><subfield code="d">CRL</subfield><subfield code="d">LNP</subfield><subfield code="d">DLC</subfield><subfield code="d">OCLCF</subfield><subfield code="d">DLC</subfield></datafield><datafield ind1=" " ind2=" " tag="012"><subfield code="l">a</subfield></datafield><datafield ind1="0" ind2=" " tag="022"><subfield code="a">2163-7210</subfield><subfield code="2">1</subfield></datafield><datafield ind1=" " ind2=" " tag="042"><subfield code="a">pcc</subfield><subfield code="a">nsdp</subfield></datafield><datafield ind1=" " ind2=" " tag="043"><subfield code="a">n-us-la</subfield></datafield><datafield ind1="0" ind2="0" tag="050"><subfield code="a">Newspaper</subfield></datafield><datafield ind1="1" ind2="0" tag="082"><subfield code="a">070</subfield><subfield code="2">14</subfield></datafield><datafield ind1="0" ind2=" " tag="130"><subfield code="a">Daily gazette and comet (Baton Rouge, La. : 1856)</subfield></datafield><datafield ind1=" " ind2="0" tag="222"><subfield code="a">Daily gazette and comet</subfield><subfield code="b">(Baton Rouge, La. 1856)</subfield></datafield><datafield ind1="1" ind2="0" tag="245"><subfield code="a">Daily gazette and comet.</subfield></datafield><datafield ind1="1" ind2="0" tag="246"><subfield code="a">Daily gazette &amp; comet</subfield></datafield><datafield ind1=" " ind2=" " tag="260"><subfield code="a">Baton Rouge, La. :</subfield><subfield code="b">Geo. A. Pike &amp; W.H. Crenshaw,</subfield><subfield code="c">1856-</subfield></datafield><datafield ind1=" " ind2=" " tag="310"><subfield code="a">Daily (except Sun. and Mon.)</subfield></datafield><datafield ind1="0" ind2=" " tag="362"><subfield code="a">Vol. 16, no. 1 (Dec. 30, 1856)-</subfield></datafield><datafield ind1=" " ind2=" " tag="500"><subfield code="a">Title varies slightly: Daily gazette &amp; comet, Mar. 30, 1858-</subfield></datafield><datafield ind1=" " ind2=" " tag="530"><subfield code="a">Also available on microfilm from Louisiana State University Library.</subfield></datafield><datafield ind1=" " ind2=" " tag="530"><subfield code="a">Archived issues are available in digital format as part of the Library of Congress Chronicling America online collection.</subfield></datafield><datafield ind1=" " ind2=" " tag="580"><subfield code="a">Merger of: Baton Rouge daily gazette and: Morning comet.</subfield></datafield><datafield ind1=" " ind2=" " tag="588"><subfield code="a">Latest issue consulted: Vol. 23, no. 134 (Dec. 29, 1860).</subfield></datafield><datafield ind1=" " ind2="0" tag="651"><subfield code="a">Baton Rouge (La.)</subfield><subfield code="v">Newspapers.</subfield></datafield><datafield ind1=" " ind2="0" tag="651"><subfield code="a">East Baton Rouge Parish (La.)</subfield><subfield code="v">Newspapers.</subfield></datafield><datafield ind1=" " ind2="7" tag="651"><subfield code="a">Louisiana</subfield><subfield code="z">Baton Rouge.</subfield><subfield code="2">fast</subfield><subfield code="0">(OCoLC)fst01205202</subfield></datafield><datafield ind1=" " ind2="7" tag="651"><subfield code="a">Louisiana</subfield><subfield code="z">East Baton Rouge Parish.</subfield><subfield code="2">fast</subfield><subfield code="0">(OCoLC)fst01220276</subfield></datafield><datafield ind1=" " ind2="7" tag="655"><subfield code="a">Newspapers.</subfield><subfield code="2">fast</subfield><subfield code="0">(OCoLC)fst01423814</subfield></datafield><datafield ind1=" " ind2=" " tag="752"><subfield code="a">United States</subfield><subfield code="b">Louisiana</subfield><subfield code="c">East Baton Rouge</subfield><subfield code="d">Baton Rouge.</subfield></datafield><datafield ind1="0" ind2=" " tag="775"><subfield code="t">Weekly gazette and comet</subfield><subfield code="w">(DLC)sn 85038555</subfield><subfield code="w">(OCoLC)12737465</subfield></datafield><datafield ind1="0" ind2="4" tag="780"><subfield code="t">Baton Rouge daily gazette</subfield><subfield code="w">(DLC)sn 88083119</subfield><subfield code="w">(OCoLC)17609663</subfield></datafield><datafield ind1="0" ind2="4" tag="780"><subfield code="t">Morning comet</subfield><subfield code="x">2377-8121</subfield><subfield code="w">(DLC)sn 88064473</subfield><subfield code="w">(OCoLC)18102885</subfield></datafield><datafield ind1="4" ind2="1" tag="856"><subfield code="u">http://www.loc.gov/chroniclingamerica/lccn/sn88083120/issues</subfield></datafield><datafield ind1="1" ind2=" " tag="029"><subfield code="a">AU@</subfield><subfield code="b">000020038009</subfield></datafield></record>